<?xml version="1.0" encoding="UTF-8"?><collection xmlns="http://www.loc.gov/MARC21/slim"><record><leader>00344nam--2200121-i-4500</leader><controlfield tag="001">000037401</controlfield><controlfield tag="002">20161230</controlfield><controlfield tag="005">20161230201041</controlfield><controlfield tag="008">060222s1000------------r-----000-0-eng-d</controlfield><datafield ind1=" " ind2=" " tag="080"><subfield code="a">621.039.577</subfield></datafield><datafield ind1=" " ind2=" " tag="245"><subfield code="a">Progress in the exploitation of the gas-cooled reactor</subfield></datafield><datafield ind1=" " ind2=" " tag="260"><subfield code="a">London, Britissh Nuclear Power Plant, 1968. 44 P.+ Schema</subfield></datafield><datafield ind1=" " ind2=" " tag="852"><subfield code="a">28846</subfield></datafield></record></collection>